@string{IJNMF  = "Intnl J.\,Num.\ Meth.\ Fluids"}


@InProceedings{VPB86,
  author = 	{Peyret, R.},
  title  = 	{Applied mathematical science},
  booktitle =	{Spectral methods for incompressible viscous flow},
  editor = 	{Antman, S. S. Marsden, J. E. and Sirovich, L.},
  publisher = {Springer},
  year  =	2002,
  pages = 	{463--475}}

@Article{HuRa98,
author =	{Hugues, S. and Randriamampianina, A.},
title  =	{An improved projection scheme applied to
          pseudospectral methods for the incompressible
          {N}avier--{S}tokes equations},
journal=	IJNMF,
year   =	1998,
volume =	28,
pages  =	{501--521}}
